<?xml version="1.0" encoding="UTF-8"?><record xmlns="http://www.loc.gov/MARC21/slim" xmlns:cinclude="http://apache.org/cocoon/include/1.0" xmlns:zs="http://www.loc.gov/zing/srw/">
  <leader>00667cz  a2200133n  4500</leader>
  <controlfield tag="001">n  89664129 </controlfield>
  <controlfield tag="003">DLC</controlfield>
  <controlfield tag="005">19891114105433.5</controlfield>
  <controlfield tag="008">891113n| acannaab|          |a and |||  </controlfield>
  <datafield tag="010" ind1=" " ind2=" ">
    <subfield code="a">n  89664129 </subfield>
  </datafield>
  <datafield tag="040" ind1=" " ind2=" ">
    <subfield code="a">DLC</subfield>
    <subfield code="c">DLC</subfield>
    <subfield code="d">DLC</subfield>
  </datafield>
  <datafield tag="110" ind1="2" ind2="0">
    <subfield code="a">Japanese Research Group on Automatic Liquid Chromatography (Kyoto, Japan)</subfield>
  </datafield>
  <datafield tag="410" ind1="2" ind2="0">
    <subfield code="a">Research Group on Automatic Liquid Chromatography in Japan</subfield>
  </datafield>
  <datafield tag="670" ind1=" " ind2=" ">
    <subfield code="a">nuc89-98668: International Symposium on High-Performance Liquid Chromatography, c1985</subfield>
    <subfield code="b">(hdg. on WU-M rept.: Research Group on Automatic Liquid Chromatography in Japan; usage: Japanese Research Group on Automatic Liquid Chromatography, Kyoto, Japan, January 31-February 1, 1985)</subfield>
  </datafield>
</record>